\usepackage{xurl}

@misc{FER2013K4:online,
author = {},
title = {FER-2013 | Kaggle},
howpublished = {\url{https://www.kaggle.com/msambare/fer2013}},
month = {},
year = {},
note = {(Accessed on 01/06/2021)}
}